<record><leader>00000cas a22000007a 4500</leader><controlfield tag="001">233832189</controlfield><controlfield tag="008">080714c200u9999iluwr n       |   a0eng c</controlfield><datafield ind1=" " ind2=" " tag="010"><subfield code="a">  2008214601</subfield></datafield><datafield ind1=" " ind2=" " tag="040"><subfield code="a">NSD</subfield><subfield code="b">eng</subfield><subfield code="c">NSD</subfield><subfield code="d">NSD</subfield><subfield code="d">OCLCQ</subfield></datafield><datafield ind1=" " ind2=" " tag="012"><subfield code="l">1</subfield><subfield code="k">1</subfield></datafield><datafield ind1="0" ind2=" " tag="022"><subfield code="a">1943-2488</subfield><subfield code="l">1943-2488</subfield><subfield code="2">1</subfield></datafield><datafield ind1=" " ind2=" " tag="037"><subfield code="b">WWW Publishing Inc., P.O. Box 686, Winfield IL, 60190</subfield></datafield><datafield ind1=" " ind2=" " tag="042"><subfield code="a">pcc</subfield><subfield code="a">nsdp</subfield></datafield><datafield ind1="1" ind2="0" tag="050"><subfield code="a">ISSN RECORD</subfield></datafield><datafield ind1="1" ind2="0" tag="082"><subfield code="a">917</subfield><subfield code="2">14</subfield></datafield><datafield ind1=" " ind2="4" tag="222"><subfield code="a">The Warrenville sentinel</subfield></datafield><datafield ind1="0" ind2="4" tag="245"><subfield code="a">The Warrenville sentinel.</subfield></datafield><datafield ind1=" " ind2=" " tag="260"><subfield code="a">Warrenville, IL :</subfield><subfield code="b">Warrenville Sentinel Inc.</subfield></datafield><datafield ind1=" " ind2=" " tag="310"><subfield code="a">Weekly</subfield></datafield><datafield ind1=" " ind2=" " tag="588"><subfield code="a">Description based on: Jan. 9, 2009; title from cover.</subfield></datafield><datafield ind1=" " ind2=" " tag="752"><subfield code="a">United States</subfield><subfield code="b">Illinois</subfield><subfield code="d">Warrenville.</subfield></datafield></record>